%YAML 1.1
%TAG !u! tag:unity3d.com,2011:
--- !u!29 &1
OcclusionCullingSettings:
  m_ObjectHideFlags: 0
  serializedVersion: 2
  m_OcclusionBakeSettings:
    smallestOccluder: 5
    smallestHole: 0.25
    backfaceThreshold: 100
  m_SceneGUID: 00000000000000000000000000000000
  m_OcclusionCullingData: {fileID: 0}
--- !u!104 &2
RenderSettings:
  m_ObjectHideFlags: 0
  serializedVersion: 9
  m_Fog: 0
  m_FogColor: {r: 0.5, g: 0.5, b: 0.5, a: 1}
  m_FogMode: 3
  m_FogDensity: 0.01
  m_LinearFogStart: 0
  m_LinearFogEnd: 300
  m_AmbientSkyColor: {r: 0.212, g: 0.227, b: 0.259, a: 1}
  m_AmbientEquatorColor: {r: 0.114, g: 0.125, b: 0.133, a: 1}
  m_AmbientGroundColor: {r: 0.047, g: 0.043, b: 0.035, a: 1}
  m_AmbientIntensity: 1
  m_AmbientMode: 3
  m_SubtractiveShadowColor: {r: 0.42, g: 0.478, b: 0.627, a: 1}
  m_SkyboxMaterial: {fileID: 0}
  m_HaloStrength: 0.5
  m_FlareStrength: 1
  m_FlareFadeSpeed: 3
  m_HaloTexture: {fileID: 0}
  m_SpotCookie: {fileID: 10001, guid: 0000000000000000e000000000000000, type: 0}
  m_DefaultReflectionMode: 0
  m_DefaultReflectionResolution: 128
  m_ReflectionBounces: 1
  m_ReflectionIntensity: 1
  m_CustomReflection: {fileID: 0}
  m_Sun: {fileID: 0}
  m_IndirectSpecularColor: {r: 0, g: 0, b: 0, a: 1}
  m_UseRadianceAmbientProbe: 0
--- !u!157 &3
LightmapSettings:
  m_ObjectHideFlags: 0
  serializedVersion: 12
  m_GIWorkflowMode: 1
  m_GISettings:
    serializedVersion: 2
    m_BounceScale: 1
    m_IndirectOutputScale: 1
    m_AlbedoBoost: 1
    m_EnvironmentLightingMode: 0
    m_EnableBakedLightmaps: 0
    m_EnableRealtimeLightmaps: 0
  m_LightmapEditorSettings:
    serializedVersion: 12
    m_Resolution: 2
    m_BakeResolution: 40
    m_AtlasSize: 1024
    m_AO: 0
    m_AOMaxDistance: 1
    m_CompAOExponent: 1
    m_CompAOExponentDirect: 0
    m_ExtractAmbientOcclusion: 0
    m_Padding: 2
    m_LightmapParameters: {fileID: 0}
    m_LightmapsBakeMode: 1
    m_TextureCompression: 1
    m_FinalGather: 0
    m_FinalGatherFiltering: 1
    m_FinalGatherRayCount: 256
    m_ReflectionCompression: 2
    m_MixedBakeMode: 2
    m_BakeBackend: 0
    m_PVRSampling: 1
    m_PVRDirectSampleCount: 32
    m_PVRSampleCount: 500
    m_PVRBounces: 2
    m_PVREnvironmentSampleCount: 500
    m_PVREnvironmentReferencePointCount: 2048
    m_PVRFilteringMode: 2
    m_PVRDenoiserTypeDirect: 0
    m_PVRDenoiserTypeIndirect: 0
    m_PVRDenoiserTypeAO: 0
    m_PVRFilterTypeDirect: 0
    m_PVRFilterTypeIndirect: 0
    m_PVRFilterTypeAO: 0
    m_PVREnvironmentMIS: 0
    m_PVRCulling: 1
    m_PVRFilteringGaussRadiusDirect: 1
    m_PVRFilteringGaussRadiusIndirect: 5
    m_PVRFilteringGaussRadiusAO: 2
    m_PVRFilteringAtrousPositionSigmaDirect: 0.5
    m_PVRFilteringAtrousPositionSigmaIndirect: 2
    m_PVRFilteringAtrousPositionSigmaAO: 1
    m_ExportTrainingData: 0
    m_TrainingDataDestination: TrainingData
    m_LightProbeSampleCountMultiplier: 4
  m_LightingDataAsset: {fileID: 0}
  m_LightingSettings: {fileID: 0}
--- !u!196 &4
NavMeshSettings:
  serializedVersion: 2
  m_ObjectHideFlags: 0
  m_BuildSettings:
    serializedVersion: 2
    agentTypeID: 0
    agentRadius: 0.5
    agentHeight: 2
    agentSlope: 45
    agentClimb: 0.4
    ledgeDropHeight: 0
    maxJumpAcrossDistance: 0
    minRegionArea: 2
    manualCellSize: 0
    cellSize: 0.16666667
    manualTileSize: 0
    tileSize: 256
    accuratePlacement: 0
    maxJobWorkers: 0
    preserveTilesOutsideBounds: 0
    debug:
      m_Flags: 0
  m_NavMeshData: {fileID: 0}
--- !u!4 &72312700 stripped
Transform:
  m_CorrespondingSourceObject: {fileID: 2436737145501128264, guid: e8721099ab3b920458e7cdb1a3f2ead9, type: 3}
  m_PrefabInstance: {fileID: 2436737145572389172}
  m_PrefabAsset: {fileID: 0}
--- !u!114 &72312701 stripped
MonoBehaviour:
  m_CorrespondingSourceObject: {fileID: 2436737145501128265, guid: e8721099ab3b920458e7cdb1a3f2ead9, type: 3}
  m_PrefabInstance: {fileID: 2436737145572389172}
  m_PrefabAsset: {fileID: 0}
  m_GameObject: {fileID: 0}
  m_Enabled: 1
  m_EditorHideFlags: 0
  m_Script: {fileID: 11500000, guid: cfec017e0760af84bac7a7962a214c1a, type: 3}
  m_Name: 
  m_EditorClassIdentifier: 
--- !u!1 &184180694
GameObject:
  m_ObjectHideFlags: 0
  m_CorrespondingSourceObject: {fileID: 0}
  m_PrefabInstance: {fileID: 0}
  m_PrefabAsset: {fileID: 0}
  serializedVersion: 6
  m_Component:
  - component: {fileID: 184180695}
  - component: {fileID: 184180696}
  m_Layer: 0
  m_Name: APPLICATION
  m_TagString: Untagged
  m_Icon: {fileID: 0}
  m_NavMeshLayer: 0
  m_StaticEditorFlags: 0
  m_IsActive: 1
--- !u!4 &184180695
Transform:
  m_ObjectHideFlags: 0
  m_CorrespondingSourceObject: {fileID: 0}
  m_PrefabInstance: {fileID: 0}
  m_PrefabAsset: {fileID: 0}
  m_GameObject: {fileID: 184180694}
  m_LocalRotation: {x: 0, y: 0, z: 0, w: 1}
  m_LocalPosition: {x: 0, y: 0, z: 0}
  m_LocalScale: {x: 1, y: 1, z: 1}
  m_Children:
  - {fileID: 597140902}
  - {fileID: 1525408160}
  - {fileID: 1133458115}
  - {fileID: 1143118917}
  m_Father: {fileID: 0}
  m_RootOrder: 0
  m_LocalEulerAnglesHint: {x: 0, y: 0, z: 0}
--- !u!114 &184180696
MonoBehaviour:
  m_ObjectHideFlags: 0
  m_CorrespondingSourceObject: {fileID: 0}
  m_PrefabInstance: {fileID: 0}
  m_PrefabAsset: {fileID: 0}
  m_GameObject: {fileID: 184180694}
  m_Enabled: 1
  m_EditorHideFlags: 0
  m_Script: {fileID: 11500000, guid: e39ccf151857ef24ca5018edf0bbab88, type: 3}
  m_Name: 
  m_EditorClassIdentifier: 
  TLController: {fileID: 294514817}
  TLSwitcherController: {fileID: 1417834005152747357}
  TLModel: {fileID: 1285322978}
  TLView: {fileID: 324864089}
  TLStatusView: {fileID: 976785855}
  TLSwitcherView: {fileID: 7130628355529810725}
  Storage: {fileID: 72312701}
--- !u!4 &294514816 stripped
Transform:
  m_CorrespondingSourceObject: {fileID: 5896216218930149699, guid: 225bba1206316cb4b9c4563151c0daf8, type: 3}
  m_PrefabInstance: {fileID: 5896216219223558595}
  m_PrefabAsset: {fileID: 0}
--- !u!114 &294514817 stripped
MonoBehaviour:
  m_CorrespondingSourceObject: {fileID: 5896216218930149698, guid: 225bba1206316cb4b9c4563151c0daf8, type: 3}
  m_PrefabInstance: {fileID: 5896216219223558595}
  m_PrefabAsset: {fileID: 0}
  m_GameObject: {fileID: 0}
  m_Enabled: 1
  m_EditorHideFlags: 0
  m_Script: {fileID: 11500000, guid: 35eee851e290b0648b7b51cabe9685fe, type: 3}
  m_Name: 
  m_EditorClassIdentifier: 
--- !u!224 &324864084 stripped
RectTransform:
  m_CorrespondingSourceObject: {fileID: 8084620672738586963, guid: cf5178e9c029dde478ec17cf1056b1e5, type: 3}
  m_PrefabInstance: {fileID: 8084620672984283399}
  m_PrefabAsset: {fileID: 0}
--- !u!114 &324864089 stripped
MonoBehaviour:
  m_CorrespondingSourceObject: {fileID: 8084620672738586974, guid: cf5178e9c029dde478ec17cf1056b1e5, type: 3}
  m_PrefabInstance: {fileID: 8084620672984283399}
  m_PrefabAsset: {fileID: 0}
  m_GameObject: {fileID: 0}
  m_Enabled: 1
  m_EditorHideFlags: 0
  m_Script: {fileID: 11500000, guid: fae9bee45a64bcd48b848094eba382de, type: 3}
  m_Name: 
  m_EditorClassIdentifier: 
--- !u!1 &519420028
GameObject:
  m_ObjectHideFlags: 0
  m_CorrespondingSourceObject: {fileID: 0}
  m_PrefabInstance: {fileID: 0}
  m_PrefabAsset: {fileID: 0}
  serializedVersion: 6
  m_Component:
  - component: {fileID: 519420032}
  - component: {fileID: 519420031}
  - component: {fileID: 519420029}
  m_Layer: 0
  m_Name: Main Camera
  m_TagString: MainCamera
  m_Icon: {fileID: 0}
  m_NavMeshLayer: 0
  m_StaticEditorFlags: 0
  m_IsActive: 1
--- !u!81 &519420029
AudioListener:
  m_ObjectHideFlags: 0
  m_CorrespondingSourceObject: {fileID: 0}
  m_PrefabInstance: {fileID: 0}
  m_PrefabAsset: {fileID: 0}
  m_GameObject: {fileID: 519420028}
  m_Enabled: 1
--- !u!20 &519420031
Camera:
  m_ObjectHideFlags: 0
  m_CorrespondingSourceObject: {fileID: 0}
  m_PrefabInstance: {fileID: 0}
  m_PrefabAsset: {fileID: 0}
  m_GameObject: {fileID: 519420028}
  m_Enabled: 1
  serializedVersion: 2
  m_ClearFlags: 2
  m_BackGroundColor: {r: 1, g: 1, b: 1, a: 0}
  m_projectionMatrixMode: 1
  m_GateFitMode: 2
  m_FOVAxisMode: 0
  m_SensorSize: {x: 36, y: 24}
  m_LensShift: {x: 0, y: 0}
  m_FocalLength: 50
  m_NormalizedViewPortRect:
    serializedVersion: 2
    x: 0
    y: 0
    width: 1
    height: 1
  near clip plane: 0.3
  far clip plane: 1000
  field of view: 60
  orthographic: 1
  orthographic size: 5
  m_Depth: -1
  m_CullingMask:
    serializedVersion: 2
    m_Bits: 4294967295
  m_RenderingPath: -1
  m_TargetTexture: {fileID: 0}
  m_TargetDisplay: 0
  m_TargetEye: 0
  m_HDR: 1
  m_AllowMSAA: 0
  m_AllowDynamicResolution: 0
  m_ForceIntoRT: 0
  m_OcclusionCulling: 0
  m_StereoConvergence: 10
  m_StereoSeparation: 0.022
--- !u!4 &519420032
Transform:
  m_ObjectHideFlags: 0
  m_CorrespondingSourceObject: {fileID: 0}
  m_PrefabInstance: {fileID: 0}
  m_PrefabAsset: {fileID: 0}
  m_GameObject: {fileID: 519420028}
  m_LocalRotation: {x: -0, y: -0, z: -0, w: 1}
  m_LocalPosition: {x: 0, y: 0, z: -10}
  m_LocalScale: {x: 1, y: 1, z: 1}
  m_Children: []
  m_Father: {fileID: 1133458115}
  m_RootOrder: 0
  m_LocalEulerAnglesHint: {x: 0, y: 0, z: 0}
--- !u!1 &597140901
GameObject:
  m_ObjectHideFlags: 0
  m_CorrespondingSourceObject: {fileID: 0}
  m_PrefabInstance: {fileID: 0}
  m_PrefabAsset: {fileID: 0}
  serializedVersion: 6
  m_Component:
  - component: {fileID: 597140902}
  m_Layer: 0
  m_Name: MODELS
  m_TagString: Untagged
  m_Icon: {fileID: 0}
  m_NavMeshLayer: 0
  m_StaticEditorFlags: 0
  m_IsActive: 1
--- !u!4 &597140902
Transform:
  m_ObjectHideFlags: 0
  m_CorrespondingSourceObject: {fileID: 0}
  m_PrefabInstance: {fileID: 0}
  m_PrefabAsset: {fileID: 0}
  m_GameObject: {fileID: 597140901}
  m_LocalRotation: {x: -0, y: -0, z: -0, w: 1}
  m_LocalPosition: {x: 0, y: 0, z: 0}
  m_LocalScale: {x: 1, y: 1, z: 1}
  m_Children:
  - {fileID: 1285322977}
  m_Father: {fileID: 184180695}
  m_RootOrder: 0
  m_LocalEulerAnglesHint: {x: 0, y: 0, z: 0}
--- !u!1 &854619983
GameObject:
  m_ObjectHideFlags: 0
  m_CorrespondingSourceObject: {fileID: 0}
  m_PrefabInstance: {fileID: 0}
  m_PrefabAsset: {fileID: 0}
  serializedVersion: 6
  m_Component:
  - component: {fileID: 854619986}
  - component: {fileID: 854619985}
  - component: {fileID: 854619984}
  m_Layer: 0
  m_Name: EventSystem
  m_TagString: Untagged
  m_Icon: {fileID: 0}
  m_NavMeshLayer: 0
  m_StaticEditorFlags: 0
  m_IsActive: 1
--- !u!114 &854619984
MonoBehaviour:
  m_ObjectHideFlags: 0
  m_CorrespondingSourceObject: {fileID: 0}
  m_PrefabInstance: {fileID: 0}
  m_PrefabAsset: {fileID: 0}
  m_GameObject: {fileID: 854619983}
  m_Enabled: 1
  m_EditorHideFlags: 0
  m_Script: {fileID: 11500000, guid: 4f231c4fb786f3946a6b90b886c48677, type: 3}
  m_Name: 
  m_EditorClassIdentifier: 
  m_HorizontalAxis: Horizontal
  m_VerticalAxis: Vertical
  m_SubmitButton: Submit
  m_CancelButton: Cancel
  m_InputActionsPerSecond: 10
  m_RepeatDelay: 0.5
  m_ForceModuleActive: 0
--- !u!114 &854619985
MonoBehaviour:
  m_ObjectHideFlags: 0
  m_CorrespondingSourceObject: {fileID: 0}
  m_PrefabInstance: {fileID: 0}
  m_PrefabAsset: {fileID: 0}
  m_GameObject: {fileID: 854619983}
  m_Enabled: 1
  m_EditorHideFlags: 0
  m_Script: {fileID: 11500000, guid: 76c392e42b5098c458856cdf6ecaaaa1, type: 3}
  m_Name: 
  m_EditorClassIdentifier: 
  m_FirstSelected: {fileID: 0}
  m_sendNavigationEvents: 1
  m_DragThreshold: 10
--- !u!4 &854619986
Transform:
  m_ObjectHideFlags: 0
  m_CorrespondingSourceObject: {fileID: 0}
  m_PrefabInstance: {fileID: 0}
  m_PrefabAsset: {fileID: 0}
  m_GameObject: {fileID: 854619983}
  m_LocalRotation: {x: -0, y: -0, z: -0, w: 1}
  m_LocalPosition: {x: 0, y: 0, z: 0}
  m_LocalScale: {x: 1, y: 1, z: 1}
  m_Children: []
  m_Father: {fileID: 1133458115}
  m_RootOrder: 2
  m_LocalEulerAnglesHint: {x: 0, y: 0, z: 0}
--- !u!224 &976785852 stripped
RectTransform:
  m_CorrespondingSourceObject: {fileID: 779863458602063255, guid: d29c8bbf1be14404aa13b1c0ab81b80c, type: 3}
  m_PrefabInstance: {fileID: 779863459510617131}
  m_PrefabAsset: {fileID: 0}
--- !u!114 &976785855 stripped
MonoBehaviour:
  m_CorrespondingSourceObject: {fileID: 779863458602063252, guid: d29c8bbf1be14404aa13b1c0ab81b80c, type: 3}
  m_PrefabInstance: {fileID: 779863459510617131}
  m_PrefabAsset: {fileID: 0}
  m_GameObject: {fileID: 0}
  m_Enabled: 1
  m_EditorHideFlags: 0
  m_Script: {fileID: 11500000, guid: 36d960c042ad1b64796d84518cfc43ed, type: 3}
  m_Name: 
  m_EditorClassIdentifier: 
--- !u!1 &1133458114
GameObject:
  m_ObjectHideFlags: 0
  m_CorrespondingSourceObject: {fileID: 0}
  m_PrefabInstance: {fileID: 0}
  m_PrefabAsset: {fileID: 0}
  serializedVersion: 6
  m_Component:
  - component: {fileID: 1133458115}
  m_Layer: 0
  m_Name: VIEWS
  m_TagString: Untagged
  m_Icon: {fileID: 0}
  m_NavMeshLayer: 0
  m_StaticEditorFlags: 0
  m_IsActive: 1
--- !u!4 &1133458115
Transform:
  m_ObjectHideFlags: 0
  m_CorrespondingSourceObject: {fileID: 0}
  m_PrefabInstance: {fileID: 0}
  m_PrefabAsset: {fileID: 0}
  m_GameObject: {fileID: 1133458114}
  m_LocalRotation: {x: -0, y: -0, z: -0, w: 1}
  m_LocalPosition: {x: 0, y: 0, z: 0}
  m_LocalScale: {x: 1, y: 1, z: 1}
  m_Children:
  - {fileID: 519420032}
  - {fileID: 2095634216}
  - {fileID: 854619986}
  m_Father: {fileID: 184180695}
  m_RootOrder: 2
  m_LocalEulerAnglesHint: {x: 0, y: 0, z: 0}
--- !u!1 &1143118916
GameObject:
  m_ObjectHideFlags: 0
  m_CorrespondingSourceObject: {fileID: 0}
  m_PrefabInstance: {fileID: 0}
  m_PrefabAsset: {fileID: 0}
  serializedVersion: 6
  m_Component:
  - component: {fileID: 1143118917}
  m_Layer: 0
  m_Name: COMPONENTS
  m_TagString: Untagged
  m_Icon: {fileID: 0}
  m_NavMeshLayer: 0
  m_StaticEditorFlags: 0
  m_IsActive: 1
--- !u!4 &1143118917
Transform:
  m_ObjectHideFlags: 0
  m_CorrespondingSourceObject: {fileID: 0}
  m_PrefabInstance: {fileID: 0}
  m_PrefabAsset: {fileID: 0}
  m_GameObject: {fileID: 1143118916}
  m_LocalRotation: {x: 0, y: 0, z: 0, w: 1}
  m_LocalPosition: {x: 0, y: 0, z: 0}
  m_LocalScale: {x: 1, y: 1, z: 1}
  m_Children:
  - {fileID: 72312700}
  m_Father: {fileID: 184180695}
  m_RootOrder: 3
  m_LocalEulerAnglesHint: {x: 0, y: 0, z: 0}
--- !u!4 &1285322977 stripped
Transform:
  m_CorrespondingSourceObject: {fileID: 7124140772560783306, guid: 334bd653346dda4408b40f375fc80aab, type: 3}
  m_PrefabInstance: {fileID: 7124140773439749931}
  m_PrefabAsset: {fileID: 0}
--- !u!114 &1285322978 stripped
MonoBehaviour:
  m_CorrespondingSourceObject: {fileID: 7124140772560783305, guid: 334bd653346dda4408b40f375fc80aab, type: 3}
  m_PrefabInstance: {fileID: 7124140773439749931}
  m_PrefabAsset: {fileID: 0}
  m_GameObject: {fileID: 0}
  m_Enabled: 1
  m_EditorHideFlags: 0
  m_Script: {fileID: 11500000, guid: 9cddf8f9538dcb54aaab5498ec592518, type: 3}
  m_Name: 
  m_EditorClassIdentifier: 
--- !u!1 &1445667993
GameObject:
  m_ObjectHideFlags: 0
  m_CorrespondingSourceObject: {fileID: 0}
  m_PrefabInstance: {fileID: 0}
  m_PrefabAsset: {fileID: 0}
  serializedVersion: 6
  m_Component:
  - component: {fileID: 1445667994}
  - component: {fileID: 1445667996}
  - component: {fileID: 1445667995}
  m_Layer: 5
  m_Name: TrafficLightUI
  m_TagString: Untagged
  m_Icon: {fileID: 0}
  m_NavMeshLayer: 0
  m_StaticEditorFlags: 0
  m_IsActive: 1
--- !u!224 &1445667994
RectTransform:
  m_ObjectHideFlags: 0
  m_CorrespondingSourceObject: {fileID: 0}
  m_PrefabInstance: {fileID: 0}
  m_PrefabAsset: {fileID: 0}
  m_GameObject: {fileID: 1445667993}
  m_LocalRotation: {x: 0, y: 0, z: 0, w: 1}
  m_LocalPosition: {x: 0, y: 0, z: 0}
  m_LocalScale: {x: 1, y: 1, z: 1}
  m_Children:
  - {fileID: 324864084}
  m_Father: {fileID: 2095634216}
  m_RootOrder: 2
  m_LocalEulerAnglesHint: {x: 0, y: 0, z: 0}
  m_AnchorMin: {x: 0, y: 0}
  m_AnchorMax: {x: 1, y: 1}
  m_AnchoredPosition: {x: 0, y: 0}
  m_SizeDelta: {x: 0, y: 0}
  m_Pivot: {x: 0.5, y: 0.5}
--- !u!114 &1445667995
MonoBehaviour:
  m_ObjectHideFlags: 0
  m_CorrespondingSourceObject: {fileID: 0}
  m_PrefabInstance: {fileID: 0}
  m_PrefabAsset: {fileID: 0}
  m_GameObject: {fileID: 1445667993}
  m_Enabled: 1
  m_EditorHideFlags: 0
  m_Script: {fileID: 11500000, guid: fe87c0e1cc204ed48ad3b37840f39efc, type: 3}
  m_Name: 
  m_EditorClassIdentifier: 
  m_Material: {fileID: 10754, guid: 0000000000000000f000000000000000, type: 0}
  m_Color: {r: 1, g: 1, b: 1, a: 0}
  m_RaycastTarget: 0
  m_RaycastPadding: {x: 0, y: 0, z: 0, w: 0}
  m_Maskable: 1
  m_OnCullStateChanged:
    m_PersistentCalls:
      m_Calls: []
  m_Sprite: {fileID: 0}
  m_Type: 1
  m_PreserveAspect: 0
  m_FillCenter: 1
  m_FillMethod: 4
  m_FillAmount: 1
  m_FillClockwise: 1
  m_FillOrigin: 0
  m_UseSpriteMesh: 0
  m_PixelsPerUnitMultiplier: 1
--- !u!222 &1445667996
CanvasRenderer:
  m_ObjectHideFlags: 0
  m_CorrespondingSourceObject: {fileID: 0}
  m_PrefabInstance: {fileID: 0}
  m_PrefabAsset: {fileID: 0}
  m_GameObject: {fileID: 1445667993}
  m_CullTransparentMesh: 0
--- !u!224 &1509856575 stripped
RectTransform:
  m_CorrespondingSourceObject: {fileID: 7130628356748359195, guid: 3bd57c1af3e757048a229f1f4be5e316, type: 3}
  m_PrefabInstance: {fileID: 7130628355529810724}
  m_PrefabAsset: {fileID: 0}
--- !u!1 &1525408159
GameObject:
  m_ObjectHideFlags: 0
  m_CorrespondingSourceObject: {fileID: 0}
  m_PrefabInstance: {fileID: 0}
  m_PrefabAsset: {fileID: 0}
  serializedVersion: 6
  m_Component:
  - component: {fileID: 1525408160}
  m_Layer: 0
  m_Name: CONTROLLERS
  m_TagString: Untagged
  m_Icon: {fileID: 0}
  m_NavMeshLayer: 0
  m_StaticEditorFlags: 0
  m_IsActive: 1
--- !u!4 &1525408160
Transform:
  m_ObjectHideFlags: 0
  m_CorrespondingSourceObject: {fileID: 0}
  m_PrefabInstance: {fileID: 0}
  m_PrefabAsset: {fileID: 0}
  m_GameObject: {fileID: 1525408159}
  m_LocalRotation: {x: -0, y: -0, z: -0, w: 1}
  m_LocalPosition: {x: 0, y: 0, z: 0}
  m_LocalScale: {x: 1, y: 1, z: 1}
  m_Children:
  - {fileID: 294514816}
  - {fileID: 1417834005152747356}
  m_Father: {fileID: 184180695}
  m_RootOrder: 1
  m_LocalEulerAnglesHint: {x: 0, y: 0, z: 0}
--- !u!1 &1971362634
GameObject:
  m_ObjectHideFlags: 0
  m_CorrespondingSourceObject: {fileID: 0}
  m_PrefabInstance: {fileID: 0}
  m_PrefabAsset: {fileID: 0}
  serializedVersion: 6
  m_Component:
  - component: {fileID: 1971362635}
  - component: {fileID: 1971362637}
  - component: {fileID: 1971362636}
  m_Layer: 5
  m_Name: Logo
  m_TagString: Untagged
  m_Icon: {fileID: 0}
  m_NavMeshLayer: 0
  m_StaticEditorFlags: 0
  m_IsActive: 1
--- !u!224 &1971362635
RectTransform:
  m_ObjectHideFlags: 0
  m_CorrespondingSourceObject: {fileID: 0}
  m_PrefabInstance: {fileID: 0}
  m_PrefabAsset: {fileID: 0}
  m_GameObject: {fileID: 1971362634}
  m_LocalRotation: {x: 0, y: 0, z: 0, w: 1}
  m_LocalPosition: {x: 0, y: 0, z: 0}
  m_LocalScale: {x: 1, y: 1, z: 1}
  m_Children: []
  m_Father: {fileID: 2095634216}
  m_RootOrder: 3
  m_LocalEulerAnglesHint: {x: 0, y: 0, z: 0}
  m_AnchorMin: {x: 0.5, y: 1}
  m_AnchorMax: {x: 0.5, y: 1}
  m_AnchoredPosition: {x: 0, y: -112}
  m_SizeDelta: {x: 403, y: 48}
  m_Pivot: {x: 0.5, y: 0.5}
--- !u!114 &1971362636
MonoBehaviour:
  m_ObjectHideFlags: 0
  m_CorrespondingSourceObject: {fileID: 0}
  m_PrefabInstance: {fileID: 0}
  m_PrefabAsset: {fileID: 0}
  m_GameObject: {fileID: 1971362634}
  m_Enabled: 1
  m_EditorHideFlags: 0
  m_Script: {fileID: 11500000, guid: fe87c0e1cc204ed48ad3b37840f39efc, type: 3}
  m_Name: 
  m_EditorClassIdentifier: 
  m_Material: {fileID: 0}
  m_Color: {r: 0, g: 0, b: 0, a: 1}
  m_RaycastTarget: 1
  m_RaycastPadding: {x: 0, y: 0, z: 0, w: 0}
  m_Maskable: 1
  m_OnCullStateChanged:
    m_PersistentCalls:
      m_Calls: []
  m_Sprite: {fileID: 6522926881772575649, guid: bb3d9fe3fbcaba348887708fdd56bdd5, type: 3}
  m_Type: 0
  m_PreserveAspect: 0
  m_FillCenter: 1
  m_FillMethod: 4
  m_FillAmount: 1
  m_FillClockwise: 1
  m_FillOrigin: 0
  m_UseSpriteMesh: 0
  m_PixelsPerUnitMultiplier: 1
--- !u!222 &1971362637
CanvasRenderer:
  m_ObjectHideFlags: 0
  m_CorrespondingSourceObject: {fileID: 0}
  m_PrefabInstance: {fileID: 0}
  m_PrefabAsset: {fileID: 0}
  m_GameObject: {fileID: 1971362634}
  m_CullTransparentMesh: 0
--- !u!1 &2095634212
GameObject:
  m_ObjectHideFlags: 0
  m_CorrespondingSourceObject: {fileID: 0}
  m_PrefabInstance: {fileID: 0}
  m_PrefabAsset: {fileID: 0}
  serializedVersion: 6
  m_Component:
  - component: {fileID: 2095634216}
  - component: {fileID: 2095634215}
  - component: {fileID: 2095634214}
  - component: {fileID: 2095634213}
  m_Layer: 5
  m_Name: Canvas
  m_TagString: Untagged
  m_Icon: {fileID: 0}
  m_NavMeshLayer: 0
  m_StaticEditorFlags: 0
  m_IsActive: 1
--- !u!114 &2095634213
MonoBehaviour:
  m_ObjectHideFlags: 0
  m_CorrespondingSourceObject: {fileID: 0}
  m_PrefabInstance: {fileID: 0}
  m_PrefabAsset: {fileID: 0}
  m_GameObject: {fileID: 2095634212}
  m_Enabled: 1
  m_EditorHideFlags: 0
  m_Script: {fileID: 11500000, guid: dc42784cf147c0c48a680349fa168899, type: 3}
  m_Name: 
  m_EditorClassIdentifier: 
  m_IgnoreReversedGraphics: 1
  m_BlockingObjects: 0
  m_BlockingMask:
    serializedVersion: 2
    m_Bits: 4294967295
--- !u!114 &2095634214
MonoBehaviour:
  m_ObjectHideFlags: 0
  m_CorrespondingSourceObject: {fileID: 0}
  m_PrefabInstance: {fileID: 0}
  m_PrefabAsset: {fileID: 0}
  m_GameObject: {fileID: 2095634212}
  m_Enabled: 1
  m_EditorHideFlags: 0
  m_Script: {fileID: 11500000, guid: 0cd44c1031e13a943bb63640046fad76, type: 3}
  m_Name: 
  m_EditorClassIdentifier: 
  m_UiScaleMode: 1
  m_ReferencePixelsPerUnit: 100
  m_ScaleFactor: 1
  m_ReferenceResolution: {x: 720, y: 1280}
  m_ScreenMatchMode: 0
  m_MatchWidthOrHeight: 0
  m_PhysicalUnit: 3
  m_FallbackScreenDPI: 96
  m_DefaultSpriteDPI: 96
  m_DynamicPixelsPerUnit: 1
--- !u!223 &2095634215
Canvas:
  m_ObjectHideFlags: 0
  m_CorrespondingSourceObject: {fileID: 0}
  m_PrefabInstance: {fileID: 0}
  m_PrefabAsset: {fileID: 0}
  m_GameObject: {fileID: 2095634212}
  m_Enabled: 1
  serializedVersion: 3
  m_RenderMode: 1
  m_Camera: {fileID: 519420031}
  m_PlaneDistance: 50
  m_PixelPerfect: 0
  m_ReceivesEvents: 1
  m_OverrideSorting: 0
  m_OverridePixelPerfect: 0
  m_SortingBucketNormalizedSize: 0
  m_AdditionalShaderChannelsFlag: 0
  m_SortingLayerID: 1565442551
  m_SortingOrder: 0
  m_TargetDisplay: 0
--- !u!224 &2095634216
RectTransform:
  m_ObjectHideFlags: 0
  m_CorrespondingSourceObject: {fileID: 0}
  m_PrefabInstance: {fileID: 0}
  m_PrefabAsset: {fileID: 0}
  m_GameObject: {fileID: 2095634212}
  m_LocalRotation: {x: 0, y: 0, z: 0, w: 1}
  m_LocalPosition: {x: 0, y: 0, z: 0}
  m_LocalScale: {x: 0, y: 0, z: 0}
  m_Children:
  - {fileID: 1509856575}
  - {fileID: 976785852}
  - {fileID: 1445667994}
  - {fileID: 1971362635}
  m_Father: {fileID: 1133458115}
  m_RootOrder: 1
  m_LocalEulerAnglesHint: {x: 0, y: 0, z: 0}
  m_AnchorMin: {x: 0, y: 0}
  m_AnchorMax: {x: 0, y: 0}
  m_AnchoredPosition: {x: 0, y: 0}
  m_SizeDelta: {x: 0, y: 0}
  m_Pivot: {x: 0, y: 0}
--- !u!1001 &779863459510617131
PrefabInstance:
  m_ObjectHideFlags: 0
  serializedVersion: 2
  m_Modification:
    m_TransformParent: {fileID: 2095634216}
    m_Modifications:
    - target: {fileID: 779863458602063248, guid: d29c8bbf1be14404aa13b1c0ab81b80c, type: 3}
      propertyPath: m_Name
      value: StatusText
      objectReference: {fileID: 0}
    - target: {fileID: 779863458602063255, guid: d29c8bbf1be14404aa13b1c0ab81b80c, type: 3}
      propertyPath: m_LocalPosition.x
      value: 0
      objectReference: {fileID: 0}
    - target: {fileID: 779863458602063255, guid: d29c8bbf1be14404aa13b1c0ab81b80c, type: 3}
      propertyPath: m_LocalPosition.y
      value: 0
      objectReference: {fileID: 0}
    - target: {fileID: 779863458602063255, guid: d29c8bbf1be14404aa13b1c0ab81b80c, type: 3}
      propertyPath: m_LocalPosition.z
      value: 0
      objectReference: {fileID: 0}
    - target: {fileID: 779863458602063255, guid: d29c8bbf1be14404aa13b1c0ab81b80c, type: 3}
      propertyPath: m_LocalRotation.x
      value: 0
      objectReference: {fileID: 0}
    - target: {fileID: 779863458602063255, guid: d29c8bbf1be14404aa13b1c0ab81b80c, type: 3}
      propertyPath: m_LocalRotation.y
      value: 0
      objectReference: {fileID: 0}
    - target: {fileID: 779863458602063255, guid: d29c8bbf1be14404aa13b1c0ab81b80c, type: 3}
      propertyPath: m_LocalRotation.z
      value: 0
      objectReference: {fileID: 0}
    - target: {fileID: 779863458602063255, guid: d29c8bbf1be14404aa13b1c0ab81b80c, type: 3}
      propertyPath: m_LocalRotation.w
      value: 1
      objectReference: {fileID: 0}
    - target: {fileID: 779863458602063255, guid: d29c8bbf1be14404aa13b1c0ab81b80c, type: 3}
      propertyPath: m_RootOrder
      value: 1
      objectReference: {fileID: 0}
    - target: {fileID: 779863458602063255, guid: d29c8bbf1be14404aa13b1c0ab81b80c, type: 3}
      propertyPath: m_LocalEulerAnglesHint.x
      value: 0
      objectReference: {fileID: 0}
    - target: {fileID: 779863458602063255, guid: d29c8bbf1be14404aa13b1c0ab81b80c, type: 3}
      propertyPath: m_LocalEulerAnglesHint.y
      value: 0
      objectReference: {fileID: 0}
    - target: {fileID: 779863458602063255, guid: d29c8bbf1be14404aa13b1c0ab81b80c, type: 3}
      propertyPath: m_LocalEulerAnglesHint.z
      value: 0
      objectReference: {fileID: 0}
    - target: {fileID: 779863458602063255, guid: d29c8bbf1be14404aa13b1c0ab81b80c, type: 3}
      propertyPath: m_AnchoredPosition.x
      value: 0
      objectReference: {fileID: 0}
    - target: {fileID: 779863458602063255, guid: d29c8bbf1be14404aa13b1c0ab81b80c, type: 3}
      propertyPath: m_AnchoredPosition.y
      value: 157
      objectReference: {fileID: 0}
    - target: {fileID: 779863458602063255, guid: d29c8bbf1be14404aa13b1c0ab81b80c, type: 3}
      propertyPath: m_SizeDelta.x
      value: 613.04126
      objectReference: {fileID: 0}
    - target: {fileID: 779863458602063255, guid: d29c8bbf1be14404aa13b1c0ab81b80c, type: 3}
      propertyPath: m_SizeDelta.y
      value: 61.398865
      objectReference: {fileID: 0}
    - target: {fileID: 779863458602063255, guid: d29c8bbf1be14404aa13b1c0ab81b80c, type: 3}
      propertyPath: m_AnchorMin.x
      value: 0.5
      objectReference: {fileID: 0}
    - target: {fileID: 779863458602063255, guid: d29c8bbf1be14404aa13b1c0ab81b80c, type: 3}
      propertyPath: m_AnchorMin.y
      value: 0
      objectReference: {fileID: 0}
    - target: {fileID: 779863458602063255, guid: d29c8bbf1be14404aa13b1c0ab81b80c, type: 3}
      propertyPath: m_AnchorMax.x
      value: 0.5
      objectReference: {fileID: 0}
    - target: {fileID: 779863458602063255, guid: d29c8bbf1be14404aa13b1c0ab81b80c, type: 3}
      propertyPath: m_AnchorMax.y
      value: 0
      objectReference: {fileID: 0}
    - target: {fileID: 779863458602063255, guid: d29c8bbf1be14404aa13b1c0ab81b80c, type: 3}
      propertyPath: m_Pivot.x
      value: 0.5
      objectReference: {fileID: 0}
    - target: {fileID: 779863458602063255, guid: d29c8bbf1be14404aa13b1c0ab81b80c, type: 3}
      propertyPath: m_Pivot.y
      value: 0.5
      objectReference: {fileID: 0}
    m_RemovedComponents: []
  m_SourcePrefab: {fileID: 100100000, guid: d29c8bbf1be14404aa13b1c0ab81b80c, type: 3}
--- !u!1001 &1417834005152747355
PrefabInstance:
  m_ObjectHideFlags: 0
  serializedVersion: 2
  m_Modification:
    m_TransformParent: {fileID: 1525408160}
    m_Modifications:
    - target: {fileID: 2086731807707244266, guid: 7050eebf15ca36f4891b5ecce25e406e, type: 3}
      propertyPath: m_LocalPosition.x
      value: 0
      objectReference: {fileID: 0}
    - target: {fileID: 2086731807707244266, guid: 7050eebf15ca36f4891b5ecce25e406e, type: 3}
      propertyPath: m_LocalPosition.y
      value: 0
      objectReference: {fileID: 0}
    - target: {fileID: 2086731807707244266, guid: 7050eebf15ca36f4891b5ecce25e406e, type: 3}
      propertyPath: m_LocalPosition.z
      value: 0
      objectReference: {fileID: 0}
    - target: {fileID: 2086731807707244266, guid: 7050eebf15ca36f4891b5ecce25e406e, type: 3}
      propertyPath: m_LocalRotation.x
      value: 0
      objectReference: {fileID: 0}
    - target: {fileID: 2086731807707244266, guid: 7050eebf15ca36f4891b5ecce25e406e, type: 3}
      propertyPath: m_LocalRotation.y
      value: 0
      objectReference: {fileID: 0}
    - target: {fileID: 2086731807707244266, guid: 7050eebf15ca36f4891b5ecce25e406e, type: 3}
      propertyPath: m_LocalRotation.z
      value: 0
      objectReference: {fileID: 0}
    - target: {fileID: 2086731807707244266, guid: 7050eebf15ca36f4891b5ecce25e406e, type: 3}
      propertyPath: m_LocalRotation.w
      value: 1
      objectReference: {fileID: 0}
    - target: {fileID: 2086731807707244266, guid: 7050eebf15ca36f4891b5ecce25e406e, type: 3}
      propertyPath: m_RootOrder
      value: 1
      objectReference: {fileID: 0}
    - target: {fileID: 2086731807707244266, guid: 7050eebf15ca36f4891b5ecce25e406e, type: 3}
      propertyPath: m_LocalEulerAnglesHint.x
      value: 0
      objectReference: {fileID: 0}
    - target: {fileID: 2086731807707244266, guid: 7050eebf15ca36f4891b5ecce25e406e, type: 3}
      propertyPath: m_LocalEulerAnglesHint.y
      value: 0
      objectReference: {fileID: 0}
    - target: {fileID: 2086731807707244266, guid: 7050eebf15ca36f4891b5ecce25e406e, type: 3}
      propertyPath: m_LocalEulerAnglesHint.z
      value: 0
      objectReference: {fileID: 0}
    - target: {fileID: 5507955073315545700, guid: 7050eebf15ca36f4891b5ecce25e406e, type: 3}
      propertyPath: m_Name
      value: TrafficLightSwitcherController
      objectReference: {fileID: 0}
    m_RemovedComponents: []
  m_SourcePrefab: {fileID: 100100000, guid: 7050eebf15ca36f4891b5ecce25e406e, type: 3}
--- !u!4 &1417834005152747356 stripped
Transform:
  m_CorrespondingSourceObject: {fileID: 2086731807707244266, guid: 7050eebf15ca36f4891b5ecce25e406e, type: 3}
  m_PrefabInstance: {fileID: 1417834005152747355}
  m_PrefabAsset: {fileID: 0}
--- !u!114 &1417834005152747357 stripped
MonoBehaviour:
  m_CorrespondingSourceObject: {fileID: 2748528301538928335, guid: 7050eebf15ca36f4891b5ecce25e406e, type: 3}
  m_PrefabInstance: {fileID: 1417834005152747355}
  m_PrefabAsset: {fileID: 0}
  m_GameObject: {fileID: 0}
  m_Enabled: 1
  m_EditorHideFlags: 0
  m_Script: {fileID: 11500000, guid: f5e903c7f066c2b40a3fc1e719de26dc, type: 3}
  m_Name: 
  m_EditorClassIdentifier: 
--- !u!1001 &2436737145572389172
PrefabInstance:
  m_ObjectHideFlags: 0
  serializedVersion: 2
  m_Modification:
    m_TransformParent: {fileID: 1143118917}
    m_Modifications:
    - target: {fileID: 2436737145501128264, guid: e8721099ab3b920458e7cdb1a3f2ead9, type: 3}
      propertyPath: m_LocalPosition.x
      value: 0
      objectReference: {fileID: 0}
    - target: {fileID: 2436737145501128264, guid: e8721099ab3b920458e7cdb1a3f2ead9, type: 3}
      propertyPath: m_LocalPosition.y
      value: 0
      objectReference: {fileID: 0}
    - target: {fileID: 2436737145501128264, guid: e8721099ab3b920458e7cdb1a3f2ead9, type: 3}
      propertyPath: m_LocalPosition.z
      value: 0
      objectReference: {fileID: 0}
    - target: {fileID: 2436737145501128264, guid: e8721099ab3b920458e7cdb1a3f2ead9, type: 3}
      propertyPath: m_LocalRotation.x
      value: 0
      objectReference: {fileID: 0}
    - target: {fileID: 2436737145501128264, guid: e8721099ab3b920458e7cdb1a3f2ead9, type: 3}
      propertyPath: m_LocalRotation.y
      value: 0
      objectReference: {fileID: 0}
    - target: {fileID: 2436737145501128264, guid: e8721099ab3b920458e7cdb1a3f2ead9, type: 3}
      propertyPath: m_LocalRotation.z
      value: 0
      objectReference: {fileID: 0}
    - target: {fileID: 2436737145501128264, guid: e8721099ab3b920458e7cdb1a3f2ead9, type: 3}
      propertyPath: m_LocalRotation.w
      value: 1
      objectReference: {fileID: 0}
    - target: {fileID: 2436737145501128264, guid: e8721099ab3b920458e7cdb1a3f2ead9, type: 3}
      propertyPath: m_RootOrder
      value: 0
      objectReference: {fileID: 0}
    - target: {fileID: 2436737145501128264, guid: e8721099ab3b920458e7cdb1a3f2ead9, type: 3}
      propertyPath: m_LocalEulerAnglesHint.x
      value: 0
      objectReference: {fileID: 0}
    - target: {fileID: 2436737145501128264, guid: e8721099ab3b920458e7cdb1a3f2ead9, type: 3}
      propertyPath: m_LocalEulerAnglesHint.y
      value: 0
      objectReference: {fileID: 0}
    - target: {fileID: 2436737145501128264, guid: e8721099ab3b920458e7cdb1a3f2ead9, type: 3}
      propertyPath: m_LocalEulerAnglesHint.z
      value: 0
      objectReference: {fileID: 0}
    - target: {fileID: 2436737145501128271, guid: e8721099ab3b920458e7cdb1a3f2ead9, type: 3}
      propertyPath: m_Name
      value: StorageComponent
      objectReference: {fileID: 0}
    m_RemovedComponents: []
  m_SourcePrefab: {fileID: 100100000, guid: e8721099ab3b920458e7cdb1a3f2ead9, type: 3}
--- !u!1001 &5896216219223558595
PrefabInstance:
  m_ObjectHideFlags: 0
  serializedVersion: 2
  m_Modification:
    m_TransformParent: {fileID: 1525408160}
    m_Modifications:
    - target: {fileID: 5896216218930149699, guid: 225bba1206316cb4b9c4563151c0daf8, type: 3}
      propertyPath: m_LocalPosition.x
      value: 0
      objectReference: {fileID: 0}
    - target: {fileID: 5896216218930149699, guid: 225bba1206316cb4b9c4563151c0daf8, type: 3}
      propertyPath: m_LocalPosition.y
      value: 0
      objectReference: {fileID: 0}
    - target: {fileID: 5896216218930149699, guid: 225bba1206316cb4b9c4563151c0daf8, type: 3}
      propertyPath: m_LocalPosition.z
      value: 0
      objectReference: {fileID: 0}
    - target: {fileID: 5896216218930149699, guid: 225bba1206316cb4b9c4563151c0daf8, type: 3}
      propertyPath: m_LocalRotation.x
      value: 0
      objectReference: {fileID: 0}
    - target: {fileID: 5896216218930149699, guid: 225bba1206316cb4b9c4563151c0daf8, type: 3}
      propertyPath: m_LocalRotation.y
      value: 0
      objectReference: {fileID: 0}
    - target: {fileID: 5896216218930149699, guid: 225bba1206316cb4b9c4563151c0daf8, type: 3}
      propertyPath: m_LocalRotation.z
      value: 0
      objectReference: {fileID: 0}
    - target: {fileID: 5896216218930149699, guid: 225bba1206316cb4b9c4563151c0daf8, type: 3}
      propertyPath: m_LocalRotation.w
      value: 1
      objectReference: {fileID: 0}
    - target: {fileID: 5896216218930149699, guid: 225bba1206316cb4b9c4563151c0daf8, type: 3}
      propertyPath: m_RootOrder
      value: 0
      objectReference: {fileID: 0}
    - target: {fileID: 5896216218930149699, guid: 225bba1206316cb4b9c4563151c0daf8, type: 3}
      propertyPath: m_LocalEulerAnglesHint.x
      value: 0
      objectReference: {fileID: 0}
    - target: {fileID: 5896216218930149699, guid: 225bba1206316cb4b9c4563151c0daf8, type: 3}
      propertyPath: m_LocalEulerAnglesHint.y
      value: 0
      objectReference: {fileID: 0}
    - target: {fileID: 5896216218930149699, guid: 225bba1206316cb4b9c4563151c0daf8, type: 3}
      propertyPath: m_LocalEulerAnglesHint.z
      value: 0
      objectReference: {fileID: 0}
    - target: {fileID: 5896216218930149820, guid: 225bba1206316cb4b9c4563151c0daf8, type: 3}
      propertyPath: m_Name
      value: TrafficLightController
      objectReference: {fileID: 0}
    m_RemovedComponents: []
  m_SourcePrefab: {fileID: 100100000, guid: 225bba1206316cb4b9c4563151c0daf8, type: 3}
--- !u!1001 &7124140773439749931
PrefabInstance:
  m_ObjectHideFlags: 0
  serializedVersion: 2
  m_Modification:
    m_TransformParent: {fileID: 597140902}
    m_Modifications:
    - target: {fileID: 7124140772560783306, guid: 334bd653346dda4408b40f375fc80aab, type: 3}
      propertyPath: m_LocalPosition.x
      value: 0
      objectReference: {fileID: 0}
    - target: {fileID: 7124140772560783306, guid: 334bd653346dda4408b40f375fc80aab, type: 3}
      propertyPath: m_LocalPosition.y
      value: 0
      objectReference: {fileID: 0}
    - target: {fileID: 7124140772560783306, guid: 334bd653346dda4408b40f375fc80aab, type: 3}
      propertyPath: m_LocalPosition.z
      value: 0
      objectReference: {fileID: 0}
    - target: {fileID: 7124140772560783306, guid: 334bd653346dda4408b40f375fc80aab, type: 3}
      propertyPath: m_LocalRotation.x
      value: 0
      objectReference: {fileID: 0}
    - target: {fileID: 7124140772560783306, guid: 334bd653346dda4408b40f375fc80aab, type: 3}
      propertyPath: m_LocalRotation.y
      value: 0
      objectReference: {fileID: 0}
    - target: {fileID: 7124140772560783306, guid: 334bd653346dda4408b40f375fc80aab, type: 3}
      propertyPath: m_LocalRotation.z
      value: 0
      objectReference: {fileID: 0}
    - target: {fileID: 7124140772560783306, guid: 334bd653346dda4408b40f375fc80aab, type: 3}
      propertyPath: m_LocalRotation.w
      value: 1
      objectReference: {fileID: 0}
    - target: {fileID: 7124140772560783306, guid: 334bd653346dda4408b40f375fc80aab, type: 3}
      propertyPath: m_RootOrder
      value: 0
      objectReference: {fileID: 0}
    - target: {fileID: 7124140772560783306, guid: 334bd653346dda4408b40f375fc80aab, type: 3}
      propertyPath: m_LocalEulerAnglesHint.x
      value: 0
      objectReference: {fileID: 0}
    - target: {fileID: 7124140772560783306, guid: 334bd653346dda4408b40f375fc80aab, type: 3}
      propertyPath: m_LocalEulerAnglesHint.y
      value: 0
      objectReference: {fileID: 0}
    - target: {fileID: 7124140772560783306, guid: 334bd653346dda4408b40f375fc80aab, type: 3}
      propertyPath: m_LocalEulerAnglesHint.z
      value: 0
      objectReference: {fileID: 0}
    - target: {fileID: 7124140772560783307, guid: 334bd653346dda4408b40f375fc80aab, type: 3}
      propertyPath: m_Name
      value: TrafficLightModel
      objectReference: {fileID: 0}
    m_RemovedComponents: []
  m_SourcePrefab: {fileID: 100100000, guid: 334bd653346dda4408b40f375fc80aab, type: 3}
--- !u!1001 &7130628355529810724
PrefabInstance:
  m_ObjectHideFlags: 0
  serializedVersion: 2
  m_Modification:
    m_TransformParent: {fileID: 2095634216}
    m_Modifications:
    - target: {fileID: 7130628356748359194, guid: 3bd57c1af3e757048a229f1f4be5e316, type: 3}
      propertyPath: m_Name
      value: SwitchButton
      objectReference: {fileID: 0}
    - target: {fileID: 7130628356748359195, guid: 3bd57c1af3e757048a229f1f4be5e316, type: 3}
      propertyPath: m_LocalPosition.x
      value: 0
      objectReference: {fileID: 0}
    - target: {fileID: 7130628356748359195, guid: 3bd57c1af3e757048a229f1f4be5e316, type: 3}
      propertyPath: m_LocalPosition.y
      value: 0
      objectReference: {fileID: 0}
    - target: {fileID: 7130628356748359195, guid: 3bd57c1af3e757048a229f1f4be5e316, type: 3}
      propertyPath: m_LocalPosition.z
      value: 0
      objectReference: {fileID: 0}
    - target: {fileID: 7130628356748359195, guid: 3bd57c1af3e757048a229f1f4be5e316, type: 3}
      propertyPath: m_LocalRotation.x
      value: 0
      objectReference: {fileID: 0}
    - target: {fileID: 7130628356748359195, guid: 3bd57c1af3e757048a229f1f4be5e316, type: 3}
      propertyPath: m_LocalRotation.y
      value: 0
      objectReference: {fileID: 0}
    - target: {fileID: 7130628356748359195, guid: 3bd57c1af3e757048a229f1f4be5e316, type: 3}
      propertyPath: m_LocalRotation.z
      value: 0
      objectReference: {fileID: 0}
    - target: {fileID: 7130628356748359195, guid: 3bd57c1af3e757048a229f1f4be5e316, type: 3}
      propertyPath: m_LocalRotation.w
      value: 1
      objectReference: {fileID: 0}
    - target: {fileID: 7130628356748359195, guid: 3bd57c1af3e757048a229f1f4be5e316, type: 3}
      propertyPath: m_RootOrder
      value: 0
      objectReference: {fileID: 0}
    - target: {fileID: 7130628356748359195, guid: 3bd57c1af3e757048a229f1f4be5e316, type: 3}
      propertyPath: m_LocalEulerAnglesHint.x
      value: 0
      objectReference: {fileID: 0}
    - target: {fileID: 7130628356748359195, guid: 3bd57c1af3e757048a229f1f4be5e316, type: 3}
      propertyPath: m_LocalEulerAnglesHint.y
      value: 0
      objectReference: {fileID: 0}
    - target: {fileID: 7130628356748359195, guid: 3bd57c1af3e757048a229f1f4be5e316, type: 3}
      propertyPath: m_LocalEulerAnglesHint.z
      value: 0
      objectReference: {fileID: 0}
    - target: {fileID: 7130628356748359195, guid: 3bd57c1af3e757048a229f1f4be5e316, type: 3}
      propertyPath: m_AnchoredPosition.x
      value: -0.00012207
      objectReference: {fileID: 0}
    - target: {fileID: 7130628356748359195, guid: 3bd57c1af3e757048a229f1f4be5e316, type: 3}
      propertyPath: m_AnchoredPosition.y
      value: 91.5
      objectReference: {fileID: 0}
    - target: {fileID: 7130628356748359195, guid: 3bd57c1af3e757048a229f1f4be5e316, type: 3}
      propertyPath: m_SizeDelta.x
      value: 613.04095
      objectReference: {fileID: 0}
    - target: {fileID: 7130628356748359195, guid: 3bd57c1af3e757048a229f1f4be5e316, type: 3}
      propertyPath: m_SizeDelta.y
      value: 70.369934
      objectReference: {fileID: 0}
    - target: {fileID: 7130628356748359195, guid: 3bd57c1af3e757048a229f1f4be5e316, type: 3}
      propertyPath: m_AnchorMin.x
      value: 0.5
      objectReference: {fileID: 0}
    - target: {fileID: 7130628356748359195, guid: 3bd57c1af3e757048a229f1f4be5e316, type: 3}
      propertyPath: m_AnchorMin.y
      value: 0
      objectReference: {fileID: 0}
    - target: {fileID: 7130628356748359195, guid: 3bd57c1af3e757048a229f1f4be5e316, type: 3}
      propertyPath: m_AnchorMax.x
      value: 0.5
      objectReference: {fileID: 0}
    - target: {fileID: 7130628356748359195, guid: 3bd57c1af3e757048a229f1f4be5e316, type: 3}
      propertyPath: m_AnchorMax.y
      value: 0
      objectReference: {fileID: 0}
    - target: {fileID: 7130628356748359195, guid: 3bd57c1af3e757048a229f1f4be5e316, type: 3}
      propertyPath: m_Pivot.x
      value: 0.5
      objectReference: {fileID: 0}
    - target: {fileID: 7130628356748359195, guid: 3bd57c1af3e757048a229f1f4be5e316, type: 3}
      propertyPath: m_Pivot.y
      value: 0.5
      objectReference: {fileID: 0}
    m_RemovedComponents: []
  m_SourcePrefab: {fileID: 100100000, guid: 3bd57c1af3e757048a229f1f4be5e316, type: 3}
--- !u!114 &7130628355529810725 stripped
MonoBehaviour:
  m_CorrespondingSourceObject: {fileID: 397047295203124658, guid: 3bd57c1af3e757048a229f1f4be5e316, type: 3}
  m_PrefabInstance: {fileID: 7130628355529810724}
  m_PrefabAsset: {fileID: 0}
  m_GameObject: {fileID: 0}
  m_Enabled: 1
  m_EditorHideFlags: 0
  m_Script: {fileID: 11500000, guid: 6d268cbf5423f5449a21403281c12d95, type: 3}
  m_Name: 
  m_EditorClassIdentifier: 
--- !u!1001 &8084620672984283399
PrefabInstance:
  m_ObjectHideFlags: 0
  serializedVersion: 2
  m_Modification:
    m_TransformParent: {fileID: 1445667994}
    m_Modifications:
    - target: {fileID: 8084620671079939371, guid: cf5178e9c029dde478ec17cf1056b1e5, type: 3}
      propertyPath: m_AnchoredPosition.x
      value: 145.5
      objectReference: {fileID: 0}
    - target: {fileID: 8084620671079939371, guid: cf5178e9c029dde478ec17cf1056b1e5, type: 3}
      propertyPath: m_AnchorMin.y
      value: 0
      objectReference: {fileID: 0}
    - target: {fileID: 8084620671079939371, guid: cf5178e9c029dde478ec17cf1056b1e5, type: 3}
      propertyPath: m_AnchorMax.y
      value: 0
      objectReference: {fileID: 0}
    - target: {fileID: 8084620671079939371, guid: cf5178e9c029dde478ec17cf1056b1e5, type: 3}
      propertyPath: m_AnchoredPosition.y
      value: 0
      objectReference: {fileID: 0}
    - target: {fileID: 8084620671344339013, guid: cf5178e9c029dde478ec17cf1056b1e5, type: 3}
      propertyPath: m_AnchorMin.y
      value: 0
      objectReference: {fileID: 0}
    - target: {fileID: 8084620671344339013, guid: cf5178e9c029dde478ec17cf1056b1e5, type: 3}
      propertyPath: m_AnchorMax.y
      value: 0
      objectReference: {fileID: 0}
    - target: {fileID: 8084620671344339013, guid: cf5178e9c029dde478ec17cf1056b1e5, type: 3}
      propertyPath: m_AnchoredPosition.x
      value: 0
      objectReference: {fileID: 0}
    - target: {fileID: 8084620671344339013, guid: cf5178e9c029dde478ec17cf1056b1e5, type: 3}
      propertyPath: m_AnchoredPosition.y
      value: 0
      objectReference: {fileID: 0}
    - target: {fileID: 8084620672738586963, guid: cf5178e9c029dde478ec17cf1056b1e5, type: 3}
      propertyPath: m_LocalPosition.x
      value: 0
      objectReference: {fileID: 0}
    - target: {fileID: 8084620672738586963, guid: cf5178e9c029dde478ec17cf1056b1e5, type: 3}
      propertyPath: m_LocalPosition.y
      value: 0
      objectReference: {fileID: 0}
    - target: {fileID: 8084620672738586963, guid: cf5178e9c029dde478ec17cf1056b1e5, type: 3}
      propertyPath: m_LocalPosition.z
      value: 0
      objectReference: {fileID: 0}
    - target: {fileID: 8084620672738586963, guid: cf5178e9c029dde478ec17cf1056b1e5, type: 3}
      propertyPath: m_LocalRotation.x
      value: 0
      objectReference: {fileID: 0}
    - target: {fileID: 8084620672738586963, guid: cf5178e9c029dde478ec17cf1056b1e5, type: 3}
      propertyPath: m_LocalRotation.y
      value: 0
      objectReference: {fileID: 0}
    - target: {fileID: 8084620672738586963, guid: cf5178e9c029dde478ec17cf1056b1e5, type: 3}
      propertyPath: m_LocalRotation.z
      value: 0
      objectReference: {fileID: 0}
    - target: {fileID: 8084620672738586963, guid: cf5178e9c029dde478ec17cf1056b1e5, type: 3}
      propertyPath: m_LocalRotation.w
      value: 1
      objectReference: {fileID: 0}
    - target: {fileID: 8084620672738586963, guid: cf5178e9c029dde478ec17cf1056b1e5, type: 3}
      propertyPath: m_RootOrder
      value: 0
      objectReference: {fileID: 0}
    - target: {fileID: 8084620672738586963, guid: cf5178e9c029dde478ec17cf1056b1e5, type: 3}
      propertyPath: m_LocalEulerAnglesHint.x
      value: 0
      objectReference: {fileID: 0}
    - target: {fileID: 8084620672738586963, guid: cf5178e9c029dde478ec17cf1056b1e5, type: 3}
      propertyPath: m_LocalEulerAnglesHint.y
      value: 0
      objectReference: {fileID: 0}
    - target: {fileID: 8084620672738586963, guid: cf5178e9c029dde478ec17cf1056b1e5, type: 3}
      propertyPath: m_LocalEulerAnglesHint.z
      value: 0
      objectReference: {fileID: 0}
    - target: {fileID: 8084620672738586963, guid: cf5178e9c029dde478ec17cf1056b1e5, type: 3}
      propertyPath: m_AnchoredPosition.x
      value: 0
      objectReference: {fileID: 0}
    - target: {fileID: 8084620672738586963, guid: cf5178e9c029dde478ec17cf1056b1e5, type: 3}
      propertyPath: m_AnchoredPosition.y
      value: 0.34002686
      objectReference: {fileID: 0}
    - target: {fileID: 8084620672738586963, guid: cf5178e9c029dde478ec17cf1056b1e5, type: 3}
      propertyPath: m_SizeDelta.x
      value: 0
      objectReference: {fileID: 0}
    - target: {fileID: 8084620672738586963, guid: cf5178e9c029dde478ec17cf1056b1e5, type: 3}
      propertyPath: m_SizeDelta.y
      value: 0
      objectReference: {fileID: 0}
    - target: {fileID: 8084620672738586963, guid: cf5178e9c029dde478ec17cf1056b1e5, type: 3}
      propertyPath: m_AnchorMin.x
      value: 0.5
      objectReference: {fileID: 0}
    - target: {fileID: 8084620672738586963, guid: cf5178e9c029dde478ec17cf1056b1e5, type: 3}
      propertyPath: m_AnchorMin.y
      value: 0.5
      objectReference: {fileID: 0}
    - target: {fileID: 8084620672738586963, guid: cf5178e9c029dde478ec17cf1056b1e5, type: 3}
      propertyPath: m_AnchorMax.x
      value: 0.5
      objectReference: {fileID: 0}
    - target: {fileID: 8084620672738586963, guid: cf5178e9c029dde478ec17cf1056b1e5, type: 3}
      propertyPath: m_AnchorMax.y
      value: 0.5
      objectReference: {fileID: 0}
    - target: {fileID: 8084620672738586963, guid: cf5178e9c029dde478ec17cf1056b1e5, type: 3}
      propertyPath: m_Pivot.x
      value: 0.5
      objectReference: {fileID: 0}
    - target: {fileID: 8084620672738586963, guid: cf5178e9c029dde478ec17cf1056b1e5, type: 3}
      propertyPath: m_Pivot.y
      value: 0.5
      objectReference: {fileID: 0}
    - target: {fileID: 8084620672738586964, guid: cf5178e9c029dde478ec17cf1056b1e5, type: 3}
      propertyPath: m_Name
      value: TrafficLightContainer
      objectReference: {fileID: 0}
    - target: {fileID: 8084620673008483710, guid: cf5178e9c029dde478ec17cf1056b1e5, type: 3}
      propertyPath: m_AnchorMin.y
      value: 0
      objectReference: {fileID: 0}
    - target: {fileID: 8084620673008483710, guid: cf5178e9c029dde478ec17cf1056b1e5, type: 3}
      propertyPath: m_AnchorMax.y
      value: 0
      objectReference: {fileID: 0}
    - target: {fileID: 8084620673008483710, guid: cf5178e9c029dde478ec17cf1056b1e5, type: 3}
      propertyPath: m_AnchoredPosition.x
      value: 0
      objectReference: {fileID: 0}
    - target: {fileID: 8084620673008483710, guid: cf5178e9c029dde478ec17cf1056b1e5, type: 3}
      propertyPath: m_AnchoredPosition.y
      value: 0
      objectReference: {fileID: 0}
    m_RemovedComponents: []
  m_SourcePrefab: {fileID: 100100000, guid: cf5178e9c029dde478ec17cf1056b1e5, type: 3}
